<record><leader>00000cas a22000007a 4500</leader><controlfield tag="001">20801091</controlfield><controlfield tag="008">891219d19871989mnuwr ne      0    0eng d</controlfield><datafield ind1=" " ind2=" " tag="010"><subfield code="a">sn 89064942 </subfield></datafield><datafield ind1=" " ind2=" " tag="040"><subfield code="a">MN#</subfield><subfield code="b">eng</subfield><subfield code="c">MN#</subfield><subfield code="d">OCLCQ</subfield></datafield><datafield ind1=" " ind2=" " tag="042"><subfield code="a">msc</subfield></datafield><datafield ind1=" " ind2=" " tag="043"><subfield code="a">n-us-mn</subfield></datafield><datafield ind1=" " ind2=" " tag="052"><subfield code="a">4144</subfield><subfield code="b">N4</subfield></datafield><datafield ind1=" " ind2=" " tag="052"><subfield code="a">4143</subfield><subfield code="b">B7</subfield></datafield><datafield ind1="0" ind2="0" tag="245"><subfield code="a">New Ulm post-review.</subfield></datafield><datafield ind1=" " ind2=" " tag="260"><subfield code="a">New Ulm, MN :</subfield><subfield code="b">New Ulm Post-Review Co.,</subfield><subfield code="c">1987-1989.</subfield></datafield><datafield ind1=" " ind2=" " tag="300"><subfield code="a">2 v.</subfield></datafield><datafield ind1=" " ind2=" " tag="310"><subfield code="a">Weekly</subfield></datafield><datafield ind1="0" ind2=" " tag="362"><subfield code="a">Vol. 1, no. 1 (Oct. 26, 1987)-v. 2, no. 43 (Aug. 14, 1989).</subfield></datafield><datafield ind1=" " ind2=" " tag="530"><subfield code="a">Available on microfilm from the Minnesota Historical Society.</subfield></datafield><datafield ind1=" " ind2=" " tag="752"><subfield code="a">United States</subfield><subfield code="b">Minnesota</subfield><subfield code="c">Brown</subfield><subfield code="d">New Ulm.</subfield></datafield><datafield ind1="0" ind2="7" tag="785"><subfield code="t">New Ulm shopper-news</subfield></datafield><datafield ind1="0" ind2="7" tag="785"><subfield code="t">New Ulm shopper/post-review</subfield><subfield code="w">(DLC)sn 89064943</subfield></datafield></record>